<?xml version="1.0" encoding="UTF-8"?><collection xmlns="http://www.loc.gov/MARC21/slim"><record><leader>00503nam--2200133-i-4500</leader><controlfield tag="001">000020010</controlfield><controlfield tag="002">20161230</controlfield><controlfield tag="005">20161230201033</controlfield><controlfield tag="008">060222s1000------------r-----000-0-eng-d</controlfield><datafield ind1=" " ind2=" " tag="080"><subfield code="a">541.28(047.3)</subfield></datafield><datafield ind1=" " ind2=" " tag="100"><subfield code="a">Cong-dahn, Nguyen</subfield></datafield><datafield ind1=" " ind2=" " tag="245"><subfield code="a">Modification des positions 8 et 6 de purines nucleosides et nucleotides silyles, couplages d electrophiles avec leurs derives lithies, condensations catalytiques avec des organomagnesiens.these</subfield></datafield><datafield ind1=" " ind2=" " tag="260"><subfield code="a">Orsay, Universite Paris, 1979. 150 P.+fig</subfield></datafield><datafield ind1=" " ind2=" " tag="852"><subfield code="a">49627</subfield></datafield></record></collection>